0302                     19094FID                     000015                          0000774097130002                                               00005      
0602              510100000012AP_ASSOCIATION_SOARAFITRBOA MADAGASCAR                  05070217259500990000000094420704BR4452D- 17EME PRESTARTION TRAN00009      
0802                                                                                                  0000000094420704                                          
