0302                     23103MAJUNGA                 000139                          0001838810680001                                               00005      
0602              jrnl00000929MAHAZAKA_IRENE_EVY_FLOREBNI                             00018388106800010000000188000000Salaire du mois 0958           00005      
0802                                                                                                  0000000188000000                                          
