0302                     03113                        000167                          0100023643570009                                               00009      
0602              jrnl00001063RADO_RAKOTOARINALA      BOA                             01000236435700090000000000092647Salaire du mois 0025           00009      
0802                                                                                                  0000000000092647                                          
