0302                     23103                        000140                          0180020256140014                                               00009      
0602              jrnl00000930GISLAIN                 BOA                             01800202561400140000000030000000Salaire du mois 0248           00009      
0802                                                                                                  0000000030000000                                          
