0302                     03113                        000177                          0500015818780024                                               00009      
0602              jrnl00001080MYRINA_WAED_SOAVOLA                                                     0000000175000000Salaire du mois 0338                      
0802                                                                                                  0000000175000000                                          
