0302                     30103                        000160                          0500015818780024                                               00009      
0602              jrnl00000986RAJAONARISON_MICHEL_    BNI                             05000158187800240000000006133333Salaire du mois 0015           00005      
0602              jrnl00000987RADO_RAKOTOARINALA      BOA                             05000158187800240000000000092647Salaire du mois 0025           00009      
0802                                                                                                  0000000006225980                                          
