0302                     24103                        000148                          0500015768370008                                               00009      
0602              jrnl00000952RANAIVOHARIVONY_ONITSOA_BOA                             05000157683700080000000000000000Salaire du mois 0061           00009      
0802                                                                                                  0000000000000000                                          
