0302                     24103                        000149                                                                                                    
0602              jrnl00000953ABOUDOU_ALY_RAMASILAHY  BOA                                             0000000130000000Salaire du mois 0208                      
0802                                                                                                  0000000130000000                                          
