0302                     30103                        000156                          0180020256140014                                               00009      
0602              jrnl00000977RAJAONARISON_MICHEL_    BNI                             00002218942602000000000000033824Salaire du mois 0013           00005      
0602              jrnl00000978RAZAFY_SOAFARA_IRENE    BOA                             06010189329200060000000550000000Salaire du mois 0123           00009      
0602              jrnl00000979GISLAIN                 BOA                             01800202561400140000000030000000Salaire du mois 0243           00009      
0802                                                                                                  0000000580033824                                          
