0302                     18103MAJUNGA                 000001                          0001838810680001                                               00005      
0602              jrnl00000001MAHAZAKA Irène Evy FloreBNI                             00018388106800010000000188000000Salaire du                     00005      
0702              jrnl00000001MAHAZAKA Irène Evy FloreBNI                             00018388106800010000000000000000mois 0958                      00005      
0802                                                                                                  0000000188000000                                          