0302                     03113                        000179                          0500015818780024                                               00009      
0602              jrnl00001082RAJAONARISON_MICHEL_    BNI                             05000158187800240000000006133333Salaire du mois 0015           00009      
0802                                                                                                  0000000006133333                                          
