0302                     06093Antaninarenina          000019                          0000505001318120                                               00008      
0602              jrnl00000166003/PA/PIC2 2/2019 RAVAOPIC                             00002218942602000000000125000000Salaire du                                
0702              jrnl00000166003/PA/PIC2 2/2019 RAVAOPIC                             00002218942602000000000000000000mois 0021                                 
0602              jrnl00000167005/PA/PIC2 2/2019 RAVELPIC                             00005050010184710000000172000000Salaire du                                
0702              jrnl00000167005/PA/PIC2 2/2019 RAVELPIC                             00005050010184710000000000000000mois 0031                                 
0602              jrnl00000168060/PA/PIC2.2/2020 RANAIPIC                                             0000000079774488Salaire du                                
0702              jrnl00000168060/PA/PIC2.2/2020 RANAIPIC                                             0000000000000000mois 1232                                 
0602              jrnl00000169001/PA/PIC2 2/2019 MOUSSPIC                             00019703301900010000000024500000Salaire du                                
0702              jrnl00000169001/PA/PIC2 2/2019 MOUSSPIC                             00019703301900010000000000000000mois 0011                                 
0602              jrnl00000170001/PA/PIC2 2/2019 MOUSSPIC                             00019703301900010000000024500000Salaire du                                
0702              jrnl00000170001/PA/PIC2 2/2019 MOUSSPIC                             00019703301900010000000000000000mois 0011                                 
0602              jrnl00000171001/PA/PIC2 2/2019 MOUSSPIC                             00019703301900010000000024500000Salaire du                                
0702              jrnl00000171001/PA/PIC2 2/2019 MOUSSPIC                             00019703301900010000000000000000mois 0011                                 
0602              jrnl00000172003/PA/PIC2 2/2019 RAVAOPIC                             00002218942602000000000125000000Salaire du                                
0702              jrnl00000172003/PA/PIC2 2/2019 RAVAOPIC                             00002218942602000000000000000000mois 0021                                 
0602              jrnl00000173001/PA/PIC2 2/2019 MOUSSPIC                             00019703301900010000000024500000Salaire du                                
0702              jrnl00000173001/PA/PIC2 2/2019 MOUSSPIC                             00019703301900010000000000000000mois 0011                                 
0602              jrnl00000174003/PA/PIC2 2/2019 RAVAOPIC                             00002218942602000000000125000000Salaire du                                
0702              jrnl00000174003/PA/PIC2 2/2019 RAVAOPIC                             00002218942602000000000000000000mois 0021                                 
0602              jrnl00000175005/PA/PIC2 2/2019 RAVELPIC                             00005050010184710000000172000000Salaire du                                
0702              jrnl00000175005/PA/PIC2 2/2019 RAVELPIC                             00005050010184710000000000000000mois 0031                                 
0602              jrnl00000176060/PA/PIC2.2/2020 RANAIPIC                                             0000000079774488Salaire du                                
0702              jrnl00000176060/PA/PIC2.2/2020 RANAIPIC                                             0000000000000000mois 1232                                 
0602              jrnl00000177003/PA/PIC2 2/2019 RAVAOPIC                             00002218942602000000000125000000Salaire du                                
0702              jrnl00000177003/PA/PIC2 2/2019 RAVAOPIC                             00002218942602000000000000000000mois 0021                                 
0602              jrnl00000178005/PA/PIC2 2/2019 RAVELPIC                             00005050010184710000000172000000Salaire du                                
0702              jrnl00000178005/PA/PIC2 2/2019 RAVELPIC                             00005050010184710000000000000000mois 0031                                 
0602              jrnl00000179060/PA/PIC2.2/2020 RANAIPIC                                             0000000079774488Salaire du                                
0702              jrnl00000179060/PA/PIC2.2/2020 RANAIPIC                                             0000000000000000mois 1232                                 
0602              jrnl00000180003/PA/PIC2 2/2019 RAVAOPIC                             00002218942602000000000125000000Salaire du                                
0702              jrnl00000180003/PA/PIC2 2/2019 RAVAOPIC                             00002218942602000000000000000000mois 0021                                 
0602              jrnl00000181005/PA/PIC2 2/2019 RAVELPIC                             00005050010184710000000172000000Salaire du                                
0702              jrnl00000181005/PA/PIC2 2/2019 RAVELPIC                             00005050010184710000000000000000mois 0031                                 
0602              jrnl00000182060/PA/PIC2.2/2020 RANAIPIC                                             0000000079774488Salaire du                                
0702              jrnl00000182060/PA/PIC2.2/2020 RANAIPIC                                             0000000000000000mois 1232                                 
0602              jrnl00000183003/PA/PIC2 2/2019 RAVAOPIC                             00002218942602000000000125000000Salaire du                                
0702              jrnl00000183003/PA/PIC2 2/2019 RAVAOPIC                             00002218942602000000000000000000mois 0021                                 
0602              jrnl00000184005/PA/PIC2 2/2019 RAVELPIC                             00005050010184710000000172000000Salaire du                                
0702              jrnl00000184005/PA/PIC2 2/2019 RAVELPIC                             00005050010184710000000000000000mois 0031                                 
0602              jrnl00000185060/PA/PIC2.2/2020 RANAIPIC                                             0000000079774488Salaire du                                
0702              jrnl00000185060/PA/PIC2.2/2020 RANAIPIC                                             0000000000000000mois 1232                                 
0602              jrnl00000186005/PA/PIC2 2/2019 RAVELPIC                             00005050010184710000000172000000Salaire du                                
0702              jrnl00000186005/PA/PIC2 2/2019 RAVELPIC                             00005050010184710000000000000000mois 0031                                 
0602              jrnl00000187060/PA/PIC2.2/2020 RANAIPIC                                             0000000079774488Salaire du                                
0702              jrnl00000187060/PA/PIC2.2/2020 RANAIPIC                                             0000000000000000mois 1232                                 
0602              jrnl00000188003/PA/PIC2 2/2019 RAVAOPIC                             00002218942602000000000125000000Salaire du                                
0702              jrnl00000188003/PA/PIC2 2/2019 RAVAOPIC                             00002218942602000000000000000000mois 0021                                 
0602              jrnl00000189060/PA/PIC2.2/2020 RANAIPIC                                             0000000079774488Salaire du                                
0702              jrnl00000189060/PA/PIC2.2/2020 RANAIPIC                                             0000000000000000mois 1232                                 
0602              jrnl00000190001/PA/PIC2 2/2019 MOUSSPIC                             00019703301900010000000024500000Salaire du                                
0702              jrnl00000190001/PA/PIC2 2/2019 MOUSSPIC                             00019703301900010000000000000000mois 0011                                 
0602              jrnl00000191007/PA/PIC2 2/2019 RANAIPIC                             00002703818500010000000079774447Salaire du                                
0702              jrnl00000191007/PA/PIC2 2/2019 RANAIPIC                             00002703818500010000000000000000mois 0051                                 
0602              jrnl00000192007/PA/PIC2 2/2019 RANAIPIC                             00002703818500010000000079774447Salaire du                                
0702              jrnl00000192007/PA/PIC2 2/2019 RANAIPIC                             00002703818500010000000000000000mois 0051                                 
0802                                                                                                  0000000000000000                                          