0302                     03113MAJUNGA                 000165                          0001838810680001                                               00005      
0602              jrnl00001061BESIRY_MARTINO                                                          0000000070000000Salaire du mois 0341                      
0802                                                                                                  0000000070000000                                          
