0302                     30103                        000159                          0500020256140014                                               00009      
0602              jrnl00000984RAJAONARISON_MICHEL_    BNI                             00002218942602000000000009200000Salaire du mois 0018           00005      
0602              jrnl00000985RAZAFY_SOAFARA_IRENE    BOA                             06010189329200060000000550000000Salaire du mois 0128           00009      
0802                                                                                                  0000000559200000                                          
