0302                     24103                        000146                          0500015768370008                                               00009      
0602              jrnl00000950RANAIVOHARIVONY_ONITSOA_BOA                             05000157683700080000000000000000Salaire du mois 0068           00009      
0802                                                                                                  0000000000000000                                          
