0302                     03113                        000173                          0100015818780024                                               00009      
0602              jrnl00001072RADO_RAKOTOARINALA      BOA                             01000158187800240000000000092647Salaire du mois 0026           00009      
0802                                                                                                  0000000000092647                                          
