0302                     03113                        000176                          0500015818780024                                               00009      
0602              jrnl00001079RAJAONARISON_MICHEL_    BNI                             05000158187800240000000009200000Salaire du mois 0016           00009      
0802                                                                                                  0000000009200000                                          
