0302                     24103                        000153                          0180020256140014                                               00009      
0602              jrnl00000963VONLSON_ANDRIARIMANJATO_                                                0000000530500000Salaire du mois 0071                      
0602              jrnl00000964GISLAIN                 BOA                             01800202561400140000000030000000Salaire du mois 0241           00009      
0802                                                                                                  0000000560500000                                          
