0302                     03113MAJUNGA                 000169                          0500015818780024                                               00005      
0602              jrnl00001066MAHAZAKA_IRENE_EVY_FLOREBNI                             05000158187800240000000000000000Salaire du mois 0951           00005      
0802                                                                                                  0000000000000000                                          
