0302                     23103                        000141                          0180020256140014                                               00009      
0602              jrnl00000931RADO_RAKOTOARINALA      BOA                             01000236435700090000000000092647Salaire du mois 0028           00009      
0602              jrnl00000932RAKOTOARIJAONA_FANILO_NABOA                             05005243911200060000000360000000Salaire du mois 0058           00009      
0602              jrnl00000933RANAIVOHARIVONY_ONITSOA_BOA                             05000157683700080000000000000000Salaire du mois 0068           00009      
0602              jrnl00000934VONLSON_ANDRIARIMANJATO_                                                0000000530500000Salaire du mois 0078                      
0602              jrnl00000935TSIALIVA_THIERRY                                                        0000000000000000Salaire du mois 0108                      
0602              jrnl00000936MOUSSA_ABDOUL                                                           0000000000000000Salaire du mois 0118                      
0602              jrnl00000937RAZAFY_SOAFARA_IRENE    BOA                             06010189329200060000000550000000Salaire du mois 0128           00009      
0602              jrnl00000938ABOUDOU_ALY_RAMASILAHY  BOA                                             0000000130000000Salaire du mois 0208                      
0802                                                                                                  0000001570592647                                          
