0302                     30103                        000158                          0100023643570009                                               00009      
0602              jrnl00000982RAJAONARISON_MICHEL_    BNI                             00002218942602000000000000033824Salaire du mois 0012           00005      
0602              jrnl00000983RADO_RAKOTOARINALA      BOA                             01000236435700090000000000092647Salaire du mois 0022           00009      
0802                                                                                                  0000000000126471                                          
