0302                     03113Antsakaviro             000166                          0000221894260200                                               00005      
0602              jrnl00001062RAJAONARISON_MICHEL_    BNI                             00002218942602000000000000033824Salaire du mois 0014           00005      
0802                                                                                                  0000000000033824                                          
