0302                     24103                        000144                          0500524391120006                                               00009      
0602              jrnl00000948RAKOTOARIJAONA_FANILO_NABOA                             05005243911200060000000360000000Salaire du mois 0058           00009      
0802                                                                                                  0000000360000000                                          
