0302                     03113                        000174                          0500015818780024                                               00009      
0602              jrnl00001073RADO_RAKOTOARINALA      BOA                             05000158187800240000000000092647Salaire du mois 0026           00009      
0802                                                                                                  0000000000092647                                          
