0302                     24103                        000143                          0100023643570009                                               00009      
0602              jrnl00000947RADO_RAKOTOARINALA      BOA                             01000236435700090000000000092647Salaire du mois 0028           00009      
0802                                                                                                  0000000000092647                                          
