0302                     30103                        000157                          0601020256140014                                               00009      
0602              jrnl00000980RAJAONARISON_MICHEL_    BNI                             00002218942602000000000000033824Salaire du mois 0011           00005      
0602              jrnl00000981RAZAFY_SOAFARA_IRENE    BOA                             06010189329200060000000550000000Salaire du mois 0121           00009      
0802                                                                                                  0000000550033824                                          
