0302                     05093Antaninarenina          000018                          0000505001318120                                               00008      
0602              jrnl00000158003/PA/PIC2 2/2019 RAVAOPIC                             00002218942602000000000125000000Salaire du                                
0702              jrnl00000158003/PA/PIC2 2/2019 RAVAOPIC                             00002218942602000000000000000000mois 0021                                 
0602              jrnl00000159005/PA/PIC2 2/2019 RAVELPIC                             00005050010184710000000172000000Salaire du                                
0702              jrnl00000159005/PA/PIC2 2/2019 RAVELPIC                             00005050010184710000000000000000mois 0031                                 
0602              jrnl00000160060/PA/PIC2.2/2020 RANAIPIC                                             0000000079774488Salaire du                                
0702              jrnl00000160060/PA/PIC2.2/2020 RANAIPIC                                             0000000000000000mois 1232                                 
0602              jrnl00000161001/PA/PIC2 2/2019 MOUSSPIC                             00019703301900010000000024500000Salaire du                                
0702              jrnl00000161001/PA/PIC2 2/2019 MOUSSPIC                             00019703301900010000000000000000mois 0011                                 
0602              jrnl00000162001/PA/PIC2 2/2019 MOUSSPIC                             00019703301900010000000024500000Salaire du                                
0702              jrnl00000162001/PA/PIC2 2/2019 MOUSSPIC                             00019703301900010000000000000000mois 0011                                 
0602              jrnl00000163001/PA/PIC2 2/2019 MOUSSPIC                             00019703301900010000000024500000Salaire du                                
0702              jrnl00000163001/PA/PIC2 2/2019 MOUSSPIC                             00019703301900010000000000000000mois 0011                                 
0602              jrnl00000164003/PA/PIC2 2/2019 RAVAOPIC                             00002218942602000000000125000000Salaire du                                
0702              jrnl00000164003/PA/PIC2 2/2019 RAVAOPIC                             00002218942602000000000000000000mois 0021                                 
0602              jrnl00000165001/PA/PIC2 2/2019 MOUSSPIC                             00019703301900010000000024500000Salaire du                                
0702              jrnl00000165001/PA/PIC2 2/2019 MOUSSPIC                             00019703301900010000000000000000mois 0011                                 
0802                                                                                                  0000000000000000                                          