<?xml version="1.0" encoding="iso-8859-7" standalone="no"?>
<Document xmlns="urn:iso:std:iso:20022:tech:xsd:pain.001.001.03">
  <CstmrCdtTrfInitn>
    <GrpHdr>
      <MsgId>15094MATP_PACT000017</MsgId>
      <CreDtTm>2024-09-15T09:31:48.7867414+03:00</CreDtTm>
      <NbOfTxs>2</NbOfTxs>
      <CtrlSum>59393360.00</CtrlSum>
      <InitgPty>
        <Nm>MATP_PACT</Nm>
        <Id>
          <OrgId>
            <Othr>
              <Id>00009</Id>
            </Othr>
          </OrgId>
        </Id>
      </InitgPty>
      <Nm>MATP_PACT</Nm>
      <PstlAdr>
        <AdrTp>RDC MAISON DES PROJET</AdrTp>
        <TwnNm>ANTANANARIVO</TwnNm>
        <Ctry>MDG</Ctry>
        <AdrLine>ANTANANARIVO</AdrLine>
      </PstlAdr>
    </GrpHdr>
    <PmtInf>
      <PmtInfId>Fact N°002-24 de A2DM pour mission de MOIS, mise en oeuvre des actions sauvegarde et PAR</PmtInfId>
      <PmtMtd>TRF</PmtMtd>
      <BtchBookg>false</BtchBookg>
      <NbOfTxs>2</NbOfTxs>
      <CtrlSum>29696680.00</CtrlSum>
      <PmtTpInf>
        <InstrPrty>NORM</InstrPrty>
      </PmtTpInf>
      <ReqdExctnDt>15/09/2024</ReqdExctnDt>
      <Dbtr>
        <Nm>MATP_PACT</Nm>
        <PstlAdr>
          <AdrTp>RDC MAISON DES PROJET</AdrTp>
          <TwnNm>ANTANANARIVO</TwnNm>
          <Ctry>MDG</Ctry>
          <AdrLine>ANTANANARIVO</AdrLine>
        </PstlAdr>
      </Dbtr>
      <Id>
        <OrgId>
          <Othr>
            <Id />
          </Othr>
        </OrgId>
      </Id>
    </PmtInf>
    <DbtrAcct>
      <Id>
        <Othr>
          <Id>000050007564953190200</Id>
        </Othr>
      </Id>
      <Ccy>MGA</Ccy>
    </DbtrAcct>
    <DbtrAgt>
      <FinInstnId>
        <BIC>BOAMGMG</BIC>
      </FinInstnId>
    </DbtrAgt>
    <CdtTrfTxInf>
      <PmtId>
        <InstrId>OV 0312-USD/24ASSOCIATION D'APPUI A</InstrId>
        <EndToEndId>A2DM</EndToEndId>
        <Amt>
          <InstdAmt Ccy="MGA">29696680.00</InstdAmt>
        </Amt>
        <ChrgBr>SHAR</ChrgBr>
        <CdtrAgt>
          <FinInstnId>
            <BIC>BOAMGMG</BIC>
            <Nm>BOA MADAGASCAR</Nm>
            <PstlAdr>
              <Ctry>MDG</Ctry>
            </PstlAdr>
          </FinInstnId>
        </CdtrAgt>
        <Cdtr>
          <Nm>ASSOCIATION D'APPUI AU DEVELOPPEMENT DE MADAGASCAR "A2DM"</Nm>
          <PstlAdr>
            <Ctry>MDG</Ctry>
            <AdrLine>Lot II C 126 Ter Ankadinandriana Ifarihy </AdrLine>
            <AdrLine>BP 8336</AdrLine>
          </PstlAdr>
        </Cdtr>
        <CdtrAcct>
          <Id>
            <Othr>
              <Id>000050007564953190200</Id>
            </Othr>
          </Id>
        </CdtrAcct>
      </PmtId>
    </CdtTrfTxInf>
    <CdtTrfTxInf>
      <PmtId>
        <InstrId>OV 0312-USD/24ASSOCIATION D'APPUI A</InstrId>
        <EndToEndId>A2DM</EndToEndId>
        <Amt>
          <InstdAmt Ccy="MGA">29696680.00</InstdAmt>
        </Amt>
        <ChrgBr>SHAR</ChrgBr>
        <CdtrAgt>
          <FinInstnId>
            <BIC>BOAMGMG</BIC>
            <Nm>BOA MADAGASCAR</Nm>
            <PstlAdr>
              <Ctry>MDG</Ctry>
            </PstlAdr>
          </FinInstnId>
        </CdtrAgt>
        <Cdtr>
          <Nm>ASSOCIATION D'APPUI AU DEVELOPPEMENT DE MADAGASCAR "A2DM"</Nm>
          <PstlAdr>
            <Ctry>MDG</Ctry>
            <AdrLine>Lot II C 126 Ter Ankadinandriana Ifarihy </AdrLine>
            <AdrLine>BP 8336</AdrLine>
          </PstlAdr>
        </Cdtr>
        <CdtrAcct>
          <Id>
            <Othr>
              <Id>000050007564953190200</Id>
            </Othr>
          </Id>
        </CdtrAcct>
      </PmtId>
    </CdtTrfTxInf>
  </CstmrCdtTrfInitn>
</Document>