0302                     20074SOFTWELL                000026                          0200024416640103                                               00009      
0802                                                                                                  0000000000000000                                          
