0302                     21054SOFTWELLVERSIONDEMOSOFTW000077                          0720023172790005                                               00009      
0602              BBOA00000124RAKOTOARISON_FANOMEZANTS                                004700500120887300000005450000000002Prestation de service de co00008      
0802                                                                                                  0000000545000000                                          