0302                     21054SOFTWELLVERSIONDEMOSOFTW000081                          0720023172790005                                               00009      
0602              BBOA00000127AEQUO_MG_SARL                                           05605222276800020000000015000000OPTESTPaiement Eau et Elactrici00009      
0802                                                                                                  0000000015000000                                          