0302                     20074SOFTWELL                000016                          0200024416640103                                               00009      
0602              90BQ00000030JOURNAL_BANQUE_AINA     52                              02000244166401030000000500000000USER72APPRUSER 72 APPRO        00009      
0602              90BQ00000031JOURNAL_BANQUE_AINA     52                              02000244166401030000000500000000USER24APPRO                    00009      
0602              90BQ00000032JOURNAL_BANQUE_AINA     52                              02000244166401030000000500000000USER24APPRO                    00009      
0602              90BQ00000033JOURNAL_BANQUE_AINA     52                              02000244166401030000000500000000USER24APPRO                    00009      
0602              90BQ00000034JOURNAL_BANQUE_AINA     52                              02000244166401030000000500000000USER24APPRO                    00009      
0802                                                                                                  0000002500000000                                          
