0302                     14054SOFTWELLVERSIONDEMOSOFTW000033                          0720023172790005                                               00009      
0602              BBOA00000044S.M.O.I ABC Construction                                07000189211000020000000001000000BRTEST1BRTEST1               00009      
0802                                                                                                  0000000001000000                                          