0302                     30074SOFTWELL                000011                          0000412345678912                                               00005      
0602              511000000005SOUS_COMPTE_DESIGNE_DG  BNI                             00004123456789120000000400000000456AVISTEST                    00005      
0802                                                                                                  0000000400000000                                          
