0302                     19094SOFTWELL                000016                          0001805001417221                                               00005      
0602              51BQ00000013KANTO_VATOSOA           BFV SG MADAGAS                  00018050014172220000000010000000OP0001HASINA                   00008      
0802                                                                                                  0000000010000000                                          
