<?xml version="1.0" encoding="UTF-8" standalone="no" ?>
<Document xmlns="urn:iso:std:iso:20022:tech:xsd:pain.001.001.03">
<CstmrCdtTrfInitn>
  <GrpHdr>
    <MsgId>16054SOFTWELLVersiondémoSOFTW000059</MsgId>
    <CreDtTm>2024-05-16T17:28:10.1127026+03:00</CreDtTm>
    <NbOfTxs>1</NbOfTxs>
    <CtrlSum>100000.000000</CtrlSum>
    <InitgPty>
      <Nm>SOFTWELLVersiondémoSOFTW </Nm>
      <Id>
        <OrgId>
          <Othr>
            <Id>00009</Id>
          </Othr>
        </OrgId>
      </Id>
    </InitgPty>
  </GrpHdr>
  <PmtInf>
    <PmtInfId>16054SOFTWELLVersiondémoSOFTW000059</PmtInfId>
    <PmtMtd>TRF</PmtMtd>
    <BtchBookg>false</BtchBookg>
    <NbOfTxs>1</NbOfTxs>
    <CtrlSum>100000.000000</CtrlSum>
    <PmtTpInf>
      <InstrPrty>NORM</InstrPrty>
    </PmtTpInf>
    <ReqdExctnDt>2024-05-16T17:28:10.1127026+03:00</ReqdExctnDt>
    <Dbtr>
      <Nm>SOFTWELLVersiondémoSOFTW</Nm>
      <PstlAdr>
        <StrtNm>3ème Etage Porte 315 MATP Anosy  </StrtNm>
        <TwnNm>ANTANANARIVO</TwnNm>
        <Ctry>MDG</Ctry>
      </PstlAdr>
      <Id>
        <OrgId>
          <Othr>
            <Id />
          </Othr>
        </OrgId>
      </Id>
    </Dbtr>
    <DbtrAcct>
      <Id>
        <Othr>
          <Id>18921100002</Id>
        </Othr>
      </Id>
      <Ccy>MGA</Ccy>
    </DbtrAcct>
    <DbtrAgt>
      <FinInstnId>
        <BIC>ABC</BIC>
        <PstlAdr>
          <Ctry>MDG</Ctry>
        </PstlAdr>
      </FinInstnId>
    </DbtrAgt>
    <ChrgBr>SHAR</ChrgBr>
    <CdtTrfTxInf>
      <PmtId>
        <InstrId>OP0001test2S.M.O.I ABC Construction</InstrId>
        <EndToEndId>ABC             </EndToEndId>
        <Amt>
          <InstdAmt Ccy="MGA">100000.000000</InstdAmt>
        </Amt>
        <CdtrAgt>
          <FinInstnId>
            <BIC>ABC</BIC>
            <PstlAdr>
              <Ctry>MDG</Ctry>
            </PstlAdr>
          </FinInstnId>
        </CdtrAgt>
        <Cdtr>
          <Nm>S.M.O.I ABC Construction</Nm>
          <PstlAdr>
            <Ctry>MDG</Ctry>
            <AdrLine>Lot II J 17 Ter</AdrLine>
            <AdrLine>Enceinte La City - Ivandry Alarobia</AdrLine>
          </PstlAdr>
        </Cdtr>
        <CdtrAcct>
          <Id>
            <Othr>
              <Id>18921100002</Id>
            </Othr>
          </Id>
        </CdtrAcct>
      </PmtId>
    </CdtTrfTxInf>
  </PmtInf>
</CstmrCdtTrfInitn>
</Document>