0302                     30074SOFTWELL                000012                          0000412345678912                                               00005      
0602              510000000006SOUS_COMPTE_DESIGNE_DG  BNI                             00004123456789120000000450000000APTESTSITE 01                  00005      
0602              510000000007SOUS_COMPTE_DESIGNE_DG  BNI                             00004123456789120000000450000000APTESTSITE 01                  00005      
0802                                                                                                  0000000900000000                                          
