0302                     09074SOFTWELL                000004                          0000505004011960                                               00008      
0802                                                                                                  0000000000000000                                          