0302                     31074SOFTWELL                000018                          0000002020202020                                               00000      
0602              510000000013SOUS_COMPTE_DESIGNE_DG  CAISSE                          00001010101010100000000450000000APTESTSITE 01                  00001      
0802                                                                                                  0000000450000000                                          
