<?xml version="1.0" encoding="UTF-8" standalone="no" ?>
<CstmrCdtTrfInitn>
<GrpHdr>
  <MsgId>17054SOFTWELLVersiondémoSOFTW000062</MsgId>
  <CreDtTm>2024-05-17T10:10:36.8718003+03:00</CreDtTm>
  <NbOfTxs>3</NbOfTxs>
  <CtrlSum>4830000.000000</CtrlSum>
  <InitgPty>
    <Nm>SOFTWELLVersiondémoSOFTW </Nm>
    <Id>
      <OrgId>
        <Othr>
          <Id>00009</Id>
        </Othr>
      </OrgId>
    </Id>
  </InitgPty>
  <PmtInf>
    <PmtInfId>17054SOFTWELLVersiondémoSOFTW000062</PmtInfId>
    <PmtMtd>TRF</PmtMtd>
    <BtchBookg>false</BtchBookg>
    <NbOfTxs>1</NbOfTxs>
    <CtrlSum>250000</CtrlSum>
    <PmtTpInf>
      <InstrPrty>NORM</InstrPrty>
    </PmtTpInf>
    <ReqdExctnDt>2024-05-17T10:10:36.8718003+03:00</ReqdExctnDt>
    <Dbtr>
      <Nm>SOFTWELLVersiondémoSOFTW</Nm>
      <PstlAdr>
        <StrtNm>3ème Etage Porte 315 MATP Anosy  </StrtNm>
        <TwnNm>ANTANANARIVO</TwnNm>
        <Ctry>MDG</Ctry>
      </PstlAdr>
      <Id>
        <OrgId>
          <Othr>
            <Id />
          </Othr>
        </OrgId>
      </Id>
    </Dbtr>
    <DbtrAcct>
      <Id>
        <Othr>
          <Id>05001208873</Id>
        </Othr>
      </Id>
      <Ccy>MGA</Ccy>
    </DbtrAcct>
    <DbtrAgt>
      <FinInstnId>
        <BIC>FANO</BIC>
        <PstlAdr>
          <Ctry>MDG</Ctry>
        </PstlAdr>
      </FinInstnId>
    </DbtrAgt>
    <ChrgBr>SHAR</ChrgBr>
    <CdtTrfTxInf>
      <PmtId>
        <InstrId>AV0006AV0006RAKOTOARISON Fanomezant</InstrId>
        <EndToEndId>FANO            </EndToEndId>
        <Amt>
          <InstdAmt Ccy="MGA">4830000.000000</InstdAmt>
        </Amt>
        <CdtrAgt>
          <FinInstnId>
            <BIC>FANO</BIC>
            <PstlAdr>
              <Ctry>MDG</Ctry>
            </PstlAdr>
          </FinInstnId>
        </CdtrAgt>
        <Cdtr>
          <Nm>RAKOTOARISON Fanomezantsoa</Nm>
          <PstlAdr>
            <Ctry>MDG</Ctry>
            <AdrLine>Lot D 268 Ambodivondava</AdrLine>
            <AdrLine />
          </PstlAdr>
        </Cdtr>
        <CdtrAcct>
          <Id>
            <Othr>
              <Id>05001208873</Id>
            </Othr>
          </Id>
        </CdtrAcct>
      </PmtId>
    </CdtTrfTxInf>
  </PmtInf>
  <PmtInf>
    <PmtInfId>17054SOFTWELLVersiondémoSOFTW000062</PmtInfId>
    <PmtMtd>TRF</PmtMtd>
    <BtchBookg>false</BtchBookg>
    <NbOfTxs>2</NbOfTxs>
    <CtrlSum>2860000</CtrlSum>
    <PmtTpInf>
      <InstrPrty>NORM</InstrPrty>
    </PmtTpInf>
    <ReqdExctnDt>2024-05-17T10:10:36.8718003+03:00</ReqdExctnDt>
    <Dbtr>
      <Nm>SOFTWELLVersiondémoSOFTW</Nm>
      <PstlAdr>
        <StrtNm>3ème Etage Porte 315 MATP Anosy  </StrtNm>
        <TwnNm>ANTANANARIVO</TwnNm>
        <Ctry>MDG</Ctry>
      </PstlAdr>
      <Id>
        <OrgId>
          <Othr>
            <Id />
          </Othr>
        </OrgId>
      </Id>
    </Dbtr>
    <DbtrAcct>
      <Id>
        <Othr>
          <Id>05001174777</Id>
        </Othr>
      </Id>
      <Ccy>MGA</Ccy>
    </DbtrAcct>
    <DbtrAgt>
      <FinInstnId>
        <BIC>THIERRY XAVIER</BIC>
        <PstlAdr>
          <Ctry>MDG</Ctry>
        </PstlAdr>
      </FinInstnId>
    </DbtrAgt>
    <ChrgBr>SHAR</ChrgBr>
    <CdtTrfTxInf>
      <PmtId>
        <InstrId>OV 1791-MGA/24RAZAFIMAHARO Thierry </InstrId>
        <EndToEndId>THIERRY XAVIER  </EndToEndId>
        <Amt>
          <InstdAmt Ccy="MGA">4830000.000000</InstdAmt>
        </Amt>
        <CdtrAgt>
          <FinInstnId>
            <BIC>THIERRY XAVIER</BIC>
            <PstlAdr>
              <Ctry>MDG</Ctry>
            </PstlAdr>
          </FinInstnId>
        </CdtrAgt>
        <Cdtr>
          <Nm>RAZAFIMAHARO Thierry Xavier</Nm>
          <PstlAdr>
            <Ctry>MDG</Ctry>
            <AdrLine>Lot VE 64 Faliarivo Ambanidia</AdrLine>
            <AdrLine />
          </PstlAdr>
        </Cdtr>
        <CdtrAcct>
          <Id>
            <Othr>
              <Id>05001174777</Id>
            </Othr>
          </Id>
        </CdtrAcct>
      </PmtId>
    </CdtTrfTxInf>
  </PmtInf>
  <PmtInf>
    <PmtInfId>17054SOFTWELLVersiondémoSOFTW000062</PmtInfId>
    <PmtMtd>TRF</PmtMtd>
    <BtchBookg>false</BtchBookg>
    <NbOfTxs>3</NbOfTxs>
    <CtrlSum>1720000</CtrlSum>
    <PmtTpInf>
      <InstrPrty>NORM</InstrPrty>
    </PmtTpInf>
    <ReqdExctnDt>2024-05-17T10:10:36.8718003+03:00</ReqdExctnDt>
    <Dbtr>
      <Nm>SOFTWELLVersiondémoSOFTW</Nm>
      <PstlAdr>
        <StrtNm>3ème Etage Porte 315 MATP Anosy  </StrtNm>
        <TwnNm>ANTANANARIVO</TwnNm>
        <Ctry>MDG</Ctry>
      </PstlAdr>
      <Id>
        <OrgId>
          <Othr>
            <Id />
          </Othr>
        </OrgId>
      </Id>
    </Dbtr>
    <DbtrAcct>
      <Id>
        <Othr>
          <Id>72729520001</Id>
        </Othr>
      </Id>
      <Ccy>MGA</Ccy>
    </DbtrAcct>
    <DbtrAgt>
      <FinInstnId>
        <BIC>RAJAONARY</BIC>
        <PstlAdr>
          <Ctry>MDG</Ctry>
        </PstlAdr>
      </FinInstnId>
    </DbtrAgt>
    <ChrgBr>SHAR</ChrgBr>
    <CdtTrfTxInf>
      <PmtId>
        <InstrId>OV 1792-MGA/24RAJAONARY MahadimbyRA</InstrId>
        <EndToEndId>RAJAONARY       </EndToEndId>
        <Amt>
          <InstdAmt Ccy="MGA">4830000.000000</InstdAmt>
        </Amt>
        <CdtrAgt>
          <FinInstnId>
            <BIC>RAJAONARY</BIC>
            <PstlAdr>
              <Ctry>MDG</Ctry>
            </PstlAdr>
          </FinInstnId>
        </CdtrAgt>
        <Cdtr>
          <Nm>RAJAONARY Mahadimby</Nm>
          <PstlAdr>
            <Ctry>MDG</Ctry>
            <AdrLine>Ampasikabo</AdrLine>
            <AdrLine />
          </PstlAdr>
        </Cdtr>
        <CdtrAcct>
          <Id>
            <Othr>
              <Id>72729520001</Id>
            </Othr>
          </Id>
        </CdtrAcct>
      </PmtId>
    </CdtTrfTxInf>
  </PmtInf>
</GrpHdr>
</Document>