0302                     20074SOFTWELL                000021                          0200024416640103                                               00009      
0602              90BQ00000039JOURNAL_BANQUE_AINA     52                              02000244166401030000000500000000USER24APPRO                    00009      
0602              90BQ00000040JOURNAL_BANQUE_AINA     52                              02000244166401030000000500000000USER24APPRO                    00009      
0602              90BQ00000041JOURNAL_BANQUE_AINA     52                              02000244166401030000000500000000USER24APPRO                    00009      
0602              90BQ00000042JOURNAL_BANQUE_AINA     52                              02000244166401030000000500000000USER24APPRO                    00009      
0802                                                                                                  0000002000000000                                          
