0302                     31074SOFTWELL                000017                          0000101010101010                                               00001      
0602              530000000012COMPTE_DESIGNE_DG       TEST                            00000000000000000000000150000000AC30072024APPRO CAISSE 3007202400000      
0802                                                                                                  0000000150000000                                          
