0302                     01094SOFTWELL                000001                          0500012345678910                                               00009      
0602              BQTE00000001DANI                    BFV                             05000123456789100000000000500000OP001carburant TEST            00009      
0802                                                                                                  0000000000500000                                          
