0302                     13074SOFTWELL                000012                          0200024416640103                                               00009      
0802                                                                                                  0000000000000000                                          