0302                     31074SOFTWELL                000015                          0000102020202020                                               00001      
0602              510000000010SOUS_COMPTE_DESIGNE_DG  TEST                            00001020202020200000000450000000APTESTSITE 01                  00001      
0802                                                                                                  0000000450000000                                          
