0302                     30054SOFTWELL                000090                          0720023172790005                                               00009      
0602              BBOA00000139SOFTWELL                                                00004249513801000000000050000000FACT0015Acquisition fournitures00005      
0602              BBOA00000140BANQUE_COMPTE_BOA_MGA                                   07200231727900050000000000010000AP001TEST                      00009      
0802                                                                                                  0000000050010000                                          