0302                     23054SOFTWELL                000012                          0000505074000775                                               00008      
0602              01ID00000100_CFAO_MOTORS            SOCIETE GENERA                  00005210100143690000000010000000001ACHAT MEDICAMENT LIQ0010    00008      
0802                                                                                                  0000000010000000                                          