0302                     03074SOFTWELL                000002                          0000812512513584                                               51202      
0802                                                                                                  0000000000000000                                          