0302                     10094SOFTWELL                000008                          0001121560208512                                               00027      
0602              BQ1000000015BANQUE_HASINA_MGA       BAOBAB                          82   050010993820000000500000000TRANSFERT 001                  00007      
0802                                                                                                  0000000500000000                                          
