0302                     18094SOFTWELL                000010                          0001805001417221                                               00005      
0602              51BQ00000007KANTO_VATOSOA           BFV SG MADAGAS                  00018050014172220000000010000000OP0001HASINA                   00008      
0802                                                                                                  0000000010000000                                          
