<?xml version="1.0" encoding="iso-8859-7" standalone="no"?>
<Document xmlns="urn:iso:std:iso:20022:tech:xsd:pain.001.001.03">
  <CstmrCdtTrfInitn>
    <GrpHdr>
      <MsgId>30084SOFTWELL000020</MsgId>
      <CreDtTm>2024-08-30T15:13:05.6058684+03:00</CreDtTm>
      <NbOfTxs>2</NbOfTxs>
      <CtrlSum>25135400.00</CtrlSum>
      <InitgPty>
        <Nm>SOFTWELL</Nm>
        <Id>
          <OrgId>
            <Othr>
              <Id>00005</Id>
            </Othr>
          </OrgId>
        </Id>
      </InitgPty>
      <Nm>SOFTWELL</Nm>
      <PstlAdr>
        <AdrTp />
        <TwnNm />
        <Ctry>MG</Ctry>
        <AdrLine />
      </PstlAdr>
    </GrpHdr>
    <PmtInf>
      <PmtInfId>PERDIEM</PmtInfId>
      <PmtMtd>TRF</PmtMtd>
      <BtchBookg>false</BtchBookg>
      <NbOfTxs>2</NbOfTxs>
      <CtrlSum>13800.00</CtrlSum>
      <PmtTpInf>
        <InstrPrty>NORM</InstrPrty>
      </PmtTpInf>
      <ReqdExctnDt>30/08/2024</ReqdExctnDt>
      <Dbtr>
        <Nm>SOFTWELL</Nm>
        <PstlAdr>
          <AdrTp />
          <TwnNm />
          <Ctry>MG</Ctry>
          <AdrLine />
        </PstlAdr>
      </Dbtr>
      <Id>
        <OrgId>
          <Othr>
            <Id />
          </Othr>
        </OrgId>
      </Id>
    </PmtInf>
    <DbtrAcct>
      <Id>
        <Othr>
          <Id>000080001502001009419</Id>
        </Othr>
      </Id>
      <Ccy>MGA</Ccy>
    </DbtrAcct>
    <DbtrAgt>
      <FinInstnId>
        <BIC>CLMDMGMG</BIC>
      </FinInstnId>
    </DbtrAgt>
    <CdtTrfTxInf>
      <PmtId>
        <InstrId>OP2708PERDIEMEA TRADINGEA56        </InstrId>
        <EndToEndId>EA56            </EndToEndId>
        <Amt>
          <InstdAmt Ccy="MGA">25135400.00</InstdAmt>
        </Amt>
        <ChrgBr>SHAR</ChrgBr>
        <CdtrAgt>
          <FinInstnId>
            <BIC>CLMDMGMG</BIC>
            <Nm>FID</Nm>
            <PstlAdr>
              <Ctry>MG</Ctry>
            </PstlAdr>
          </FinInstnId>
        </CdtrAgt>
        <Cdtr>
          <Nm>EA TRADING </Nm>
          <PstlAdr>
            <Ctry>MG</Ctry>
            <AdrLine />
            <AdrLine />
          </PstlAdr>
        </Cdtr>
        <CdtrAcct>
          <Id>
            <Othr>
              <Id>000080001502001009419</Id>
            </Othr>
          </Id>
        </CdtrAcct>
      </PmtId>
    </CdtTrfTxInf>
    <CdtTrfTxInf>
      <PmtId>
        <InstrId>optestoptestEA TRADINGEA56         </InstrId>
        <EndToEndId>EA56            </EndToEndId>
        <Amt>
          <InstdAmt Ccy="MGA">25135400.00</InstdAmt>
        </Amt>
        <ChrgBr>SHAR</ChrgBr>
        <CdtrAgt>
          <FinInstnId>
            <BIC>CLMDMGMG</BIC>
            <Nm>FID</Nm>
            <PstlAdr>
              <Ctry>MG</Ctry>
            </PstlAdr>
          </FinInstnId>
        </CdtrAgt>
        <Cdtr>
          <Nm>EA TRADING </Nm>
          <PstlAdr>
            <Ctry>MG</Ctry>
            <AdrLine />
            <AdrLine />
          </PstlAdr>
        </Cdtr>
        <CdtrAcct>
          <Id>
            <Othr>
              <Id>000080001502001009419</Id>
            </Othr>
          </Id>
        </CdtrAcct>
      </PmtId>
    </CdtTrfTxInf>
  </CstmrCdtTrfInitn>
</Document>