0302                     30074SOFTWELL                000009                          0000412345678912                                               00005      
0602              511000000003SOUS_COMPTE_DESIGNE_DG  BNI                             00004123456789120000001900000000AP29072024AP29072024           00005      
0802                                                                                                  0000001900000000                                          
