0302                     18094SOFTWELL                000002                          0001805001417221                                               00005      
0602              41BQ00000001RAMIANDRASON_CHRISTIAN  ACCESS                          00003241004979950000000004500000BC 25ACHATS IMPRESSION         00011      
0802                                                                                                  0000000004500000                                          
