0302                     03094SOFTWELL                000001                          0580022222222222                                               00005      
0602              BQAN00000001FOURNISSEUR_ANGELA_     BVF SG MADAGAS                  00004555555555550000000046000000001ACHAT FOURNITURE DE BUREAU  00005      
0802                                                                                                  0000000046000000                                          
