0302                     30054SOFTWELL                000085                          0720023172790005                                               00009      
0802                                                                                                  0000000000000000                                          