0302                     31074SOFTWELL                000014                          0000101010101010                                               00001      
0602              510000000009SOUS_COMPTE_DESIGNE_DG  TEST                            00001020202020200000000450000000APTESTSITE 01                  00001      
0802                                                                                                  0000000450000000                                          
