0302                     19094SOFTWELL                000018                          0001805001417221                                               00005      
0602              51BQ00000015KANTO_VATOSOA           BFV SG MADAGAS                  00018050014172220000000050000000OPHASINA1ACHAT FOURNITURES     00008      
0802                                                                                                  0000000050000000                                          
