0302                     15074SOFTWELL                000015                          0200024416640103                                               00009      
0802                                                                                                  0000000000000000                                          