0302                     30054SOFTWELL                000088                          0720023172790005                                               00009      
0602              BBOA00000136BANQUE_COMPTE_BOA_MGA   00009                           07200231727900050000000000010000AP001TEST                      00009      
0802                                                                                                  0000000000010000                                          