0302                     18094SOFTWELL                000013                          0001805001417221                                               00005      
0602              51BQ00000010KANTO_VATOSOA           BFV SG MADAGAS                  00018050014172220000000050000000OPHASINA1ACHAT FOURNITURES     00008      
0802                                                                                                  0000000050000000                                          
