<?xml version="1.0" encoding="UTF-8" standalone="no" ?>
<CstmrCdtTrfInitn>
<GrpHdr>
  <MsgId>17054SOFTWELLVersiondémoSOFTW000071</MsgId>
  <CreDtTm>2024-05-17T12:16:18.797613+03:00</CreDtTm>
  <NbOfTxs>3</NbOfTxs>
  <CtrlSum>6574000.000000</CtrlSum>
  <InitgPty>
    <Nm>SOFTWELLVersiondémoSOFTW </Nm>
    <Id>
      <OrgId>
        <Othr>
          <Id>00009</Id>
        </Othr>
      </OrgId>
    </Id>
  </InitgPty>
  <PmtInf>
    <PmtInfId>17054SOFTWELLVersiondémoSOFTW000071</PmtInfId>
    <PmtMtd>TRF</PmtMtd>
    <BtchBookg>false</BtchBookg>
    <NbOfTxs>1</NbOfTxs>
    <CtrlSum>150000</CtrlSum>
    <PmtTpInf>
      <InstrPrty>NORM</InstrPrty>
    </PmtTpInf>
    <ReqdExctnDt>2024-05-17T12:16:18.797613+03:00</ReqdExctnDt>
    <Dbtr>
      <Nm>SOFTWELLVersiondémoSOFTW</Nm>
      <PstlAdr>
        <StrtNm>3ème Etage Porte 315 MATP Anosy  </StrtNm>
        <TwnNm>ANTANANARIVO</TwnNm>
        <Ctry>MDG</Ctry>
      </PstlAdr>
      <Id>
        <OrgId>
          <Othr>
            <Id />
          </Othr>
        </OrgId>
      </Id>
    </Dbtr>
    <DbtrAcct>
      <Id>
        <Othr>
          <Id>22227680002</Id>
        </Othr>
      </Id>
      <Ccy>MGA</Ccy>
    </DbtrAcct>
    <DbtrAgt>
      <FinInstnId>
        <BIC>AEQUO SARL</BIC>
        <PstlAdr>
          <Ctry>MDG</Ctry>
        </PstlAdr>
      </FinInstnId>
    </DbtrAgt>
    <ChrgBr>SHAR</ChrgBr>
  </PmtInf>
  <CdtTrfTxInf>
    <PmtId>
      <InstrId>OPTESTPaiement Eau et Elactricité m</InstrId>
      <EndToEndId>AEQUO SARL      </EndToEndId>
      <Amt>
        <InstdAmt Ccy="MGA">6574000.000000</InstdAmt>
      </Amt>
      <CdtrAgt>
        <FinInstnId>
          <BIC>AEQUO SARL</BIC>
          <PstlAdr>
            <Ctry>MDG</Ctry>
          </PstlAdr>
        </FinInstnId>
      </CdtrAgt>
      <Cdtr>
        <Nm>AEQUO.MG SARL</Nm>
        <PstlAdr>
          <Ctry>MDG</Ctry>
          <AdrLine> Lot VQ 135 Ter Z Mandroseza</AdrLine>
          <AdrLine />
        </PstlAdr>
      </Cdtr>
      <CdtrAcct>
        <Id>
          <Othr>
            <Id>22227680002</Id>
          </Othr>
        </Id>
      </CdtrAcct>
    </PmtId>
  </CdtTrfTxInf>
  <CdtTrfTxInf>
    <PmtId>
      <InstrId>OV 1775-MGA/24DIRECTION DE LA LEPRO</InstrId>
      <EndToEndId>LEPROSERIE      </EndToEndId>
      <Amt>
        <InstdAmt Ccy="MGA">6574000.000000</InstdAmt>
      </Amt>
      <CdtrAgt>
        <FinInstnId>
          <BIC>LEPROSERIE</BIC>
          <PstlAdr>
            <Ctry>MDG</Ctry>
          </PstlAdr>
        </FinInstnId>
      </CdtrAgt>
      <Cdtr>
        <Nm>DIRECTION DE LA LEPROSERIE</Nm>
        <PstlAdr>
          <Ctry>MDG</Ctry>
          <AdrLine>BP. 91 Ambatoabo Farafangana</AdrLine>
          <AdrLine />
        </PstlAdr>
      </Cdtr>
      <CdtrAcct>
        <Id>
          <Othr>
            <Id>21000105987</Id>
          </Othr>
        </Id>
      </CdtrAcct>
    </PmtId>
  </CdtTrfTxInf>
  <CdtTrfTxInf>
    <PmtId>
      <InstrId>OV 1791-MGA/24RAZAFIMAHARO Thierry </InstrId>
      <EndToEndId>THIERRY XAVIER  </EndToEndId>
      <Amt>
        <InstdAmt Ccy="MGA">6574000.000000</InstdAmt>
      </Amt>
      <CdtrAgt>
        <FinInstnId>
          <BIC>THIERRY XAVIER</BIC>
          <PstlAdr>
            <Ctry>MDG</Ctry>
          </PstlAdr>
        </FinInstnId>
      </CdtrAgt>
      <Cdtr>
        <Nm>RAZAFIMAHARO Thierry Xavier</Nm>
        <PstlAdr>
          <Ctry>MDG</Ctry>
          <AdrLine>Lot VE 64 Faliarivo Ambanidia</AdrLine>
          <AdrLine />
        </PstlAdr>
      </Cdtr>
      <CdtrAcct>
        <Id>
          <Othr>
            <Id>05001174777</Id>
          </Othr>
        </Id>
      </CdtrAcct>
    </PmtId>
  </CdtTrfTxInf>
</GrpHdr>
</Document>