0302                     29034SOFTWELLVersiondémoSOFTW000024                          0000774097130002                                               00005      
0602              510100000048EA TRADING              BFV SG MADAGAS                  00015020010094190000000350000000005FA N°055                    00008      
0702              510100000048EA TRADING              BFV SG MADAGAS                  000150200100941900000000000000002 ACHAT DIS                    00008      
0802                                                                                                  0000000350000000                                          