0302                     21054SOFTWELLVERSIONDEMOSOFTW000080                          0720023172790005                                               00009      
0802                                                                                                  0000000000000000                                          