0302                     22054SOFTWELL                000082                          0720023172790005                                               00009      
0602              BBOA00000128RAKOTOARISON_FANOMEZANTS                                004700500120887300000005450000000002Prestation de service de co00008      
0802                                                                                                  0000000545000000                                          