0302                     03094SOFTWELL                000002                          0580022222222222                                               00005      
0602              BQAN00000002FOURNISSEUR_ANGELA_     BVF SG MADAGAS                  00004555555555550000000046000000001ACHAT FOURNITURE DE BUREAU  00005      
0602              BQAN00000003FR_ANGELA_              BANQUE FOIBEN                   05200111111111110000000046000000001IMPOTS SUR LES MARCHES PUBLI00005      
0602              BQAN00000004FR_ANGELA_              BANQUE FOIBEN                   05200111111111110000000046000000001IMPOTS SUR LES MARCHES PUBLI00005      
0602              BQAN00000005FR_ANGELA_              BANQUE FOIBEN                   05200111111111110000000046000000001IMPOTS SUR LES MARCHES PUBLI00005      
0602              BQAN00000006FR_ANGELA_              BANQUE FOIBEN                   05200111111111110000000046000000001IMPOTS SUR LES MARCHES PUBLI00005      
0602              BQAN00000007FR_ANGELA_              BANQUE FOIBEN                   05200111111111110000000046000000001IMPOTS SUR LES MARCHES PUBLI00005      
0602              BQAN00000008FR_ANGELA_              BANQUE FOIBEN                   05200111111111110000000046000000001IMPOTS SUR LES MARCHES PUBLI00005      
0802                                                                                                  0000000322000000                                          
