0302                     31074SOFTWELL                000016                          0000002020202020                                               00000      
0602              510000000011SOUS_COMPTE_DESIGNE_DG  CAISSE                          00001010101010100000000450000000APTESTSITE 01                  00000      
0802                                                                                                  0000000450000000                                          
