0302                     14054SOFTWELLVERSIONDEMOSOFTW           000040                          0720023172790005                                              00009      
0602              BBOA00000062RAKOTOARISON Fanomezants                                00470050012088730000000025000000AV0006AV0006                  00008      
0802                                                                                                  0000000025000000                                          