0302                     13074SOFTWELL                000010                          0507017362970017                                               00009      
0802                                                                                                  0000000000000000                                          