0302                     10094SOFTWELL                000002                          0500010125219141                                               00009      
0602              BQ F00000004FOURNISSEUR_FITIAVANA   BNI                             00006225468741030000000004000000OP FITIAVANA3                  00005      
0802                                                                                                  0000000004000000                                          
