0302                     16054SOFTWELLVERSIONDEMOSOFTW000043                          0720023172790005                                               00009      
0602              BBOA00000065S.M.O.I ABC Construction                                07000189211000020000000001000000BRTESTBRTEST                 00009      
0802                                                                                                  0000000001000000                                          