0302                     31074SOFTWELL                000019                          0000002020202020                                               00000      
0602              510100000014EA_TRADING              SG MADAGASCAR                   00015020010094190000000003000000AVSITE903107AVSITE903107       00008      
0602              510100000015EA_TRADING              SG MADAGASCAR                   00015020010094190000000009200000LIQSITE903107                  00008      
0802                                                                                                  0000000012200000                                          
