0302                     14054SOFTWELLVERSIONDEMOSOFTW000042                          0720023172790005                                              00009      
0602              BBOA00000064RAJAONARY Mahadimby                                     00067727295200010000000172000000OV 1792-MGA/24                00005      
0802                                                                                                  0000000172000000                                          