0302                     30074SOFTWELL                000005                          0000412345678912                                               00005      
0802                                                                                                  0000000000000000                                          
