0302                     18094SOFTWELL                000012                          0001805001417221                                               00005      
0602              51BQ00000009KANTO_VATOSOA           BFV SG MADAGAS                  00018050014172220000000000010000TESTHASINAACHAT FOURNITURE HASI00008      
0802                                                                                                  0000000000010000                                          
