0302                     13074SOFTWELL                000013                          0200024416640103                                               00009      
0602              90BQ00000012EA_TRADING_             BFV SG MADAGAS                  00015020010094190000001000000000USER01AVANCEAVANCE PARTENAIRE U00008      
0602              90BQ00000013EA_TRADING_             BFV SG MADAGAS                  00015020010094190000001000000000USER03AVANCEAVANCE PARTENAIRE E00008      
0602              90BQ00000014EA_TRADING_             BFV SG MADAGAS                  00015020010094190000000030000000USER29AVANCEAVANCE PARTENAIRE E00008      
0602              90BQ00000015EA_TRADING_             BFV SG MADAGAS                  00015020010094190000001000000000USER16AVANCEDEBLOCAGE 01 EATRAD00008      
0602              90BQ00000016EA_TRADING_             BFV SG MADAGAS                  00015020010094190000001000000000USER26AVANCEAVANCE PARTENAIRE E00008      
0602              90BQ00000017EA_TRADING_             BFV SG MADAGAS                  00015020010094190000001000000000USER38AVANCEAVANCE PARTENAIRE E00008      
0602              90BQ00000018EA_TRADING_             BFV SG MADAGAS                  00015020010094190000001000000000USER44AVANCE2AVANCE 2EME CHANCE00008      
0602              90BQ00000019EA_TRADING_             BFV SG MADAGAS                  00015020010094190000001000000000USER72AVANCE2AVANCE 2 EA TRADIN00008      
0602              90BQ00000020EA_TRADING_             BFV SG MADAGAS                  00015020010094190000000020000000OPUSER01FACTURE USER001 EA TRAD00008      
0602              90BQ00000021EA_TRADING_             BFV SG MADAGAS                  00015020010094190000000019000000OPUSER03FACTURE FACTURE USER 0300008      
0802                                                                                                  0000007069000000                                          