0302                     10074SOFTWELL                000007                          0200024416640103                                               00009      
0802                                                                                                  0000000000000000                                          