0302                     20074SOFTWELL                000020                          0200024416640103                                               00009      
0602              90BQ00000038JOURNAL_BANQUE_AINA     52                              02000244166401030000000500000000USER72APPRUSER 72 APPRO        00009      
0802                                                                                                  0000000500000000                                          
