0302                     16054SOFTWELLVERSIONDEMOSOFTW000044                          0720023172790005                                               00009      
0602              BBOA00000066RAKOTOARISON Fanomezants                                00470050012088730000000200000000OP LIQ0006Rémunération LIQ000  00008      
0602              BBOA00000067AEQUO.MG SARL                                           05605222276800020000000015000000OPTESTPaiement Eau et Elactri  00009      
0802                                                                                                  0000000215000000                                          