0302                     03094SOFTWELL                000005                          0580022222222222                                               00005      
0602              BQAN00000011FR_ANGELA_              BANQUE FOIBEN                   05200111111111110000000004000000001IMPOTS SUR LES MARCHES PUBLI00005      
0602              BQAN00000012FR_ANGELA_              BANQUE FOIBEN                   05200111111111110000000000800000TESTIMPOTS SUR LES MARCHES PUBL00005      
0802                                                                                                  0000000004800000                                          
