0302                     21054SOFTWELLVERSIONDEMOSOFTW000076                          0720023172790005                                               00009      
0602              BBOA00000123RAKOTOARISON Fanomezants                                00470050012088730000000025000000AV0006AV000                    00008      
0702              BBOA00000123RAKOTOARISON Fanomezants                                004700500120887300000000000000006                              00008      
0802                                                                                                  0000000025000000                                          