0302                     14054SOFTWELLVERSIONDEMOSOFTW000041                          0720023172790005                                              00009      
0602              BBOA00000063RAZAFIMAHARO Thierry Xav                                00001050011747770000000286000000OV 1791-MGA/24                00008      
0802                                                                                                  0000000286000000                                          