0302                     21054SOFTWELLVERSIONDEMOSOFTW000079                          0720023172790005                                               00009      
0602              BBOA00000126S_M_O_I_ABC_CONSTRUCTION                                07000189211000020000000001000000BRTEST1BRTEST1                 00009      
0802                                                                                                  0000000001000000                                          