0302                     28074SOFTWELL                000033                          0000412345678912                                               00005      
0602              510100000054RAMANANTSOA_HASINIAINA_NBNI                             00004704488300010000000150000000OPTESTACHAT TEST               00005      
0802                                                                                                  0000000150000000                                          
