0302                     19094SOFTWELL                000017                          0001805001417221                                               00005      
0602              51BQ00000014KANTO_VATOSOA           BFV SG MADAGAS                  00018050014172220000000050000000OP999ACHAT FOURNITURE BUREA    00008      
0802                                                                                                  0000000050000000                                          
