0302                     10094SOFTWELL                000007                          0001121560208512                                               00027      
0802                                                                                                  0000000500000000                                          
