0302                     18103MAJUNGA                 000001                          0700011026070004                                               00009      
0602              jrnl00000001MAHAZAKA_IRENE_EVY_FLOREBNI                             00018388106800010000000188000000Salaire du mois 0958           00005      
0802                                                                                                  0000000188000000                                          
